@misc{me_inverse_vect,
title = {What is the inverse of the vec operator?},
url = {https://math.stackexchange.com/questions/805565/what-is-the-inverse-of-the-vec-operator},
author = {W., Mårten and de Azevedo, Rodrigo},
urldate = {2023-05-22},
year = {2019}
}

@misc{habets_rir-generator,
	title = {RIR Generator},
	url = {https://www.audiolabs-erlangen.de/fau/professor/habets/software/rir-generator},
	author = {Habets, Emanuël},
	urldate = {2024-01-09},
	year = {2020}
}

@inproceedings{smard_database,
	author = {Nielsen, J. K. and Jensen, J. R. and Jensen, S. H. and Christensen, M. G.},
	title = {The Single- and Multichannel Audio Recordings Database (SMARD)},
	booktitle = {Int. Workshop Acoustic Signal Enhancement},
	year = {2014},
	month = {Sep.},
	url = {http://www.smard.es.aau.dk/}
}

@misc{linse_database,
	author = {Johnson, Don H.},
	title = {Signal Processing Information Database},
	year = {2013},
	url = {http://spib.linse.ufsc.br/noise.html}	
}